%---------------------------------------------------------------------------------------%
%% DYNAMOS
%---------------------------------------------------------------------------------------%

% Moffatt book
@book{Moffatt2019,
  title={Self-exciting fluid dynamos},
  author={Moffatt, Keith and Dormy, Emmanuel},
  volume={59},
  year={2019},
  publisher={Cambridge University Press}
}
% Tobias JFM 2021
@article{Tobias2021,
  title={The turbulent dynamo},
  author={Tobias, SM},
  journal={Journal of fluid mechanics},
  volume={912},
  pages={P1},
  year={2021},
  publisher={Cambridge University Press}
}

% Dynamo then and now 1998
@article{Glatzmaier1998,
  title={Dynamo theory then and now},
  author={Glatzmaier, Gary A and Roberts, Paul H},
  journal={International Journal of Engineering Science},
  volume={36},
  number={12-14},
  pages={1325--1338},
  year={1998},
  publisher={Elsevier}
}

% Branderburg, Moss, Soward, Royal Society A 1998
% Dynamo formed by two rotating rotating spheres; uses vector potential A
@article{Brandenburg1998,
  title={New results for the Herzenberg dynamo: steady and oscillatory solutions},
  author={Brandenburg, A and Moss, D and Soward, AM},
  journal={Proceedings of the Royal Society of London. Series A: Mathematical, Physical and Engineering Sciences},
  volume={454},
  number={1973},
  pages={1283--1300},
  year={1998},
  publisher={The Royal Society}
}
% PNAS 2016
@article{Yadav2016,
  title={Approaching a realistic force balance in geodynamo simulations},
  author={Yadav, Rakesh K and Gastine, Thomas and Christensen, Ulrich R and Wolk, Scott J and Poppenhaeger, Katja},
  journal={Proceedings of the National Academy of Sciences},
  volume={113},
  number={43},
  pages={12065--12070},
  year={2016},
  publisher={National Acad Sciences}
}


%---------------------------------------------------------------------------------------%
% OPTIMAL DYNAMOS
% Willis, PRL 2012
@article{Willis2012,
  title={Optimization of the magnetic dynamo},
  author={Willis, Ashley P},
  journal={Physical review letters},
  volume={109},
  number={25},
  pages={251101},
  year={2012},
  publisher={APS}
}
% Chen JFM 2015
@article{Chen2015,
  title={Optimal dynamo action by steady flows confined to a cube},
  author={Chen, Long and Herreman, Wietze and Jackson, Andrew},
  journal={Journal of Fluid Mechanics},
  volume={783},
  pages={23--45},
  year={2015},
  publisher={Cambridge University Press}
}
% Chen JFM 2018
@article{Chen2018,
  title={The optimal kinematic dynamo driven by steady flows in a sphere},
  author={Chen, Long and Herreman, Wietze and Li, Kuan and Livermore, Philip W and Luo, JW and Jackson, Andrew},
  journal={Journal of Fluid Mechanics},
  volume={839},
  pages={1--32},
  year={2018},
  publisher={Cambridge University Press}
}
% Luo Proc A 2020
@article{Luo2020,
  title={Optimal kinematic dynamos in a sphere},
  author={Luo, Jiawen and Chen, Long and Li, Kuan and Jackson, Andrew},
  journal={Proceedings of the Royal Society A},
  volume={476},
  number={2233},
  pages={20190675},
  year={2020},
  publisher={The Royal Society Publishing}
}

%---------------------------------------------------------------------------------------%


%---------------------------------------------------------------------------------------%
% Magnetic field drift
@article{bullard1950westward,
  title={The westward drift of the Earth's magnetic field},
  author={Bullard, Edward Crisp and Freedman, Cynthia and Gellman, H and Nixon, Jo},
  journal={Philosophical Transactions of the Royal Society of London. Series A, Mathematical and Physical Sciences},
  volume={243},
  number={859},
  pages={67--92},
  year={1950},
  publisher={The Royal Society London}
}
@article{constable2006earth,
  title={Is Earth's magnetic field reversing?},
  author={Constable, Catherine and Korte, Monika},
  journal={Earth and Planetary Science Letters},
  volume={246},
  number={1-2},
  pages={1--16},
  year={2006},
  publisher={Elsevier}
}











%---------------------------------------------------------------------------------------%
%% THERMAL CONVECTION
%---------------------------------------------------------------------------------------%
@article{moore2023fluid,
  title={Fluid pendulum explains reversals of the large-scale circulation in thermal convection},
  author={Moore, Nicholas J and Mac Huang, Jinzi},
  journal={arXiv preprint arXiv:2307.13148},
  year={2023}
}
@article{mac2023convective,
  title={A convective fluid pendulum revealing states of order and chaos},
  author={Mac Huang, Jinzi and Moore, Nicholas J},
  journal={arXiv preprint arXiv:2307.13146},
  year={2023}
}

%---------------------------------------------------------------------------------------%
% Moving boundaries: Dissolution Melting
%---------------------------------------------------------------------------------------%
@Article{Huang2015,
  author    = {Huang, Jinzi Mac and Moore, M. Nicholas J. and Ristroph, Leif},
  journal   = {J. Fluid Mech.},
  title     = {Shape dynamics and scaling laws for a body dissolving in fluid flow},
  year      = {2015},
  issn      = {1469-7645},
  month     = feb,
  volume    = {765},
  doi       = {10.1017/jfm.2014.718},
  file      = {:Articles/S0022112014007186a.pdf:PDF},
  timestamp = {2015.03.12},
  url       = {http://journals.cambridge.org/article_S0022112014007186},
}
@Article{Moore2017,
  author    = {Moore, M. Nicholas J.},
  journal   = {Commun. Pure Appl. Math.},
  title     = {{Riemann-Hilbert Problems for the Shapes Formed by Bodies Dissolving, Melting, and Eroding in Fluid Flows}},
  year      = {2017},
  number    = {9},
  pages     = {1810--1831},
  volume    = {70},
  publisher = {Wiley Online Library},
}
@Article{Huang2020a,
  author    = {Huang, Jinzi Mac and Tong, Joshua and Shelley, Michael and Ristroph, Leif},
  journal   = {Proc. Natl. Acad. Sci. U. S. A.},
  title     = {Ultra-sharp pinnacles sculpted by natural convective dissolution},
  year      = {2020},
  month     = sep,
  number    = {38},
  pages     = {23339--23344},
  volume    = {117},
  doi       = {10.1073/pnas.2001524117},
  file      = {:./Articles/pnas.2001524117.pdf:PDF},
  publisher = {Proceedings of the National Academy of Sciences},
}
@Article{Huang2022,
  author    = {Jinzi Mac Huang and Nicholas J. Moore},
  journal   = {Phys. Rev. Lett.},
  title     = {Morphological attractors in natural convective dissolution},
  year      = {2022},
  month     = jan,
  number    = {2},
  pages     = {024501},
  volume    = {128},
  doi       = {10.1103/physrevlett.128.024501},
  file      = {:./Articles/PhysRevLett.128.024501.pdf:PDF},
  publisher = {American Physical Society ({APS})},
}
@Article{Weady2022,
  author    = {Weady, Scott and Tong, Joshua and Zidovska, Alexandra and Ristroph, Leif},
  journal   = {Phys. Rev. Lett.},
  title     = {{Anomalous Convective Flows Carve Pinnacles and Scallops in Melting Ice}},
  year      = {2022},
  month     = jan,
  pages     = {044502},
  volume    = {128},
  doi       = {10.1103/PhysRevLett.128.044502},
  file      = {:Articles/PhysRevLett.128.044502.pdf:PDF},
  issue     = {4},
  numpages  = {6},
  publisher = {American Physical Society},
  url       = {https://link.aps.org/doi/10.1103/PhysRevLett.128.044502},
}